@MISC{WEBSITE:1,
	HOWPUBLISHED = "\url{http://example.com}",
	AUTHOR = "Intel",
	TITLE = "Example Website",
	MONTH = "Dec",
	YEAR = "1988",
	NOTE = "Accessed on 2012-11-11"
}
