@misc{intertech,
    author    = "Donald Knuth",
    title     = "Knuth: Computers and Typesetting",
    url       = "https://www.intertech.com/Blog/angular-module-tutorial-application-structure-using-modules/"
}
@misc{slideshare,
    author    = "Donald Knuth",
    title     = "Knuth: Computers and Typesetting",
    url       = "http://www.slideshare.net/reidrac/deploying-openstack-object-storage-swift"
}
@misc{cloudarchitectmusings,
    author    = "Donald Knuth",
    title     = "Knuth: Computers and Typesetting",
    url       = "https://cloudarchitectmusings.com/2013/11/18/laying-cinder-block-volumes-in-openstack-part-1-the-basics/"
}
@misc{aquasec,
    author    = "Donald Knuth",
    title     = "Knuth: Computers and Typesetting",
    url       = "https://www.aquasec.com/wiki/display/containers/Docker+Architecture"
}
@misc{wikipedia,
    author    = "Donald Knuth",
    title     = "Knuth: Computers and Typesetting",
    url       = "https://nl.wikipedia.org/wiki/Model-view-controller-model"
}
@misc{exemple,
    author    = "Donald Knuth",
    title     = "Knuth: Computers and Typesetting",
    url       = "https://www.aquasec.com/wiki/display/containers/Docker+Architecture"
}
